% No quitar: configuración
@IEEEtranBSTCTL{IEEEexample:BSTcontrol,
	CTLuse_forced_etal       = "yes",
	CTLmax_names_forced_etal = "6",
	CTLnames_show_etal       = "1" 
}

@INPROCEEDINGS{gross2015robot, 
	author={H. M. Gross and S. Mueller and C. Schroeter and M. Volkhardt and A. Scheidig and K. Debes and K. Richter and N. Doering}, 
	booktitle={2015 IEEE/RSJ International Conference on Intelligent Robots and Systems (IROS)}, 
	title={Robot companion for domestic health assistance: Implementation, test and case study under everyday conditions in private apartments}, 
	year={2015}, 
	volume={}, 
	number={}, 
	pages={5992-5999}, 
	keywords={assisted living;medical robotics;German research project;SERROGA;domestic health assistance;health care;robot companion;robot health-related instrumental function;robotic health assistant;social-emotional function;Medical services;Monitoring;Navigation;Robot kinematics;Robot sensing systems;Systems architecture}, 
	doi={10.1109/IROS.2015.7354230}, 
	ISSN={}, 
	month={Sept}
}

@INPROCEEDINGS{yap2017reach, 
	author={G. Yap and C. Lau and K. Goonetilleke and D. Levac}, 
	booktitle={2017 IEEE MIT Undergraduate Research Technology Conference (URTC)}, 
	title={REACH robot: Motion capture-based robotic interfaces to enhance engagement and adherence in pediatric rehabilitation}, 
	year={2017}, 
	volume={}, 
	number={}, 
	pages={1-3}, 
	keywords={biomechanics;computer games;medical disorders;medical robotics;paediatrics;patient rehabilitation;DIY kits;REACH robot;Robots Encouraging Action in Children;caregiver;exercise process;game-like system;hemiplegic cerebral palsy;home-based physical therapy;mental activity;motion capture-based robotic interfaces;motor skills;pediatric rehabilitation;physical activity;regular physical therapy;upper extremity movement;Batteries;Games;Manipulators;Medical treatment;Pediatrics;Tools;Robots;motion-capture interfaces;rehabilitation}, 
	doi={10.1109/URTC.2017.8284173}, 
	ISSN={}, 
	month={Nov}
}

@ARTICLE{chen2013robots, 
	author={T. L. Chen and M. Ciocarlie and S. Cousins and P. M. Grice and K. Hawkins and K. Hsiao and C. C. Kemp and C. H. King and D. A. Lazewatsky and A. E. Leeper and H. Nguyen and A. Paepcke and C. Pantofaru and W. D. Smart and L. Takayama}, 
	journal={IEEE Robotics Automation Magazine}, 
	title={Robots for humanity: using assistive robotics to empower people with disabilities}, 
	year={2013}, 
	volume={20}, 
	number={1}, 
	pages={30-39}, 
	keywords={handicapped aids;manipulators;mobile robots;AMM;assistive mobile manipulators;assistive robotics;empower people;Biomedical equipment;Control systems;Exoskeletons;Handicapped aids;Human factors;Medical robotics;Prosthetics;Robots;Sensory aids;Software development}, 
	doi={10.1109/MRA.2012.2229950}, 
	ISSN={1070-9932}, 
	month={March}
}

@INPROCEEDINGS{han2017anovel, 
	author={S. H. Han and H. G. Kim and H. J. Choi}, 
	booktitle={2017 18th IEEE International Conference on Mobile Data Management (MDM)}, 
	title={A Novel Concept of the Rehabilitation Training Coach Robot for Patients with Disability}, 
	year={2017}, 
	volume={}, 
	number={}, 
	pages={376-381}, 
	keywords={handicapped aids;health care;human-robot interaction;image sensors;medical robotics;mobile robots;neural nets;patient rehabilitation;robot vision;speech recognition;speech-based user interfaces;video signal processing;Microsoft Kinect;data collection plan;deep neural network is;emergency detection module;patients-with-disability;performance evaluation plan;posture correction;rehabilitation exercises;rehabilitation program;rehabilitation training coach robot;rehabilitation treatment coach robot;speech recognition;video input;voice input;Medical services;Mobile robots;Neural networks;Speech;Speech recognition;Training;coach robot;emergency detection;exercise pose correction;neural networks;rehabilitation training}, 
	doi={10.1109/MDM.2017.65}, 
	ISSN={}, 
	month={May}
}

@INPROCEEDINGS{kashii2017examp, 
	author={A. Kashii and K. Takashio and H. Tokuda}, 
	booktitle={2017 26th IEEE International Symposium on Robot and Human Interactive Communication (RO-MAN)}, 
	title={Ex-amp robot: Expressive robotic avatar with multimodal emotion detection to enhance communication of users with motor disabilities}, 
	year={2017}, 
	volume={}, 
	number={}, 
	pages={864-870}, 
	keywords={avatars;control engineering computing;customer services;emotion recognition;handicapped aids;human-robot interaction;humanoid robots;Ex-amp robot;customer service;expressive robotic avatar;humanoid robot;motor disabilities;multimodal emotion detection;robotic system;Avatars;Dictionaries;Robot sensing systems;Senior citizens;Speech;Speech recognition}, 
	doi={10.1109/ROMAN.2017.8172404}, 
	ISSN={}, 
	month={Aug}
}

@Misc{affectiva,
	author =   {Affectiva},
	title =    {{Emotion} {Recognition} {Software } and {Analysis}.},
	howpublished = {\url{https://www.affectiva.com/}}
}

@Misc{nao,
	author =   {SoftBank Robotics},
	title =    {{Who} is {Nao?}},
	howpublished = {\url{https://www.softbankrobotics.com/emea/en/robots/nao}}
}

@INPROCEEDINGS{alves2013friendly, 
	author={S. Alves and I. N. Silva and C. Ranieri and H. F. Filho and M. Caldeira and R. Pegoraro}, 
	booktitle={2013 ISSNIP Biosignals and Biorobotics Conference: Biosignals and Robotics for Better and Safer Living (BRC)}, 
	title={A friendly mobile entertainment robot for disabled children}, 
	year={2013}, 
	volume={}, 
	number={}, 
	pages={1-6}, 
	keywords={handicapped aids;medical robotics;paediatrics;control architecture;disabled children;friendly mobile entertainment robot;motor disability;social skill;Bluetooth;Computer architecture;Face;Mobile robots;Robot sensing systems;Smart phones;assistive robotics;children with severely motor impairments;control architecture;mobile robot;smartphones}, 
	doi={10.1109/BRC.2013.6487527}, 
	ISSN={2326-7771}, 
	month={Feb}
}

@INPROCEEDINGS{karami2013adaptive, 
	author={A. B. Karami and K. Sehaba and B. Encelle}, 
	booktitle={2013 IEEE 25th International Conference on Tools with Artificial Intelligence}, 
	title={Adaptive and Personalised Robots - Learning from Users' Feedback}, 
	year={2013}, 
	volume={}, 
	number={}, 
	pages={626-632}, 
	keywords={Markov processes;generalisation (artificial intelligence);intelligent robots;learning (artificial intelligence);service robots;FUI-RoboPopuli project;MDP;Markov decision process;adaptive behaviour;adaptive robots;entertainment companion robots;generalised algorithm;intelligent service robots;interaction traces;learning;personalised robots;reward function;social behaviour;user feedback;user profiles;Adaptation models;Brightness;Hidden Markov models;History;Markov processes;Service robots;Adaptive and personalised robots;Learning from users feedback;Markov Decision Processes MDPs}, 
	doi={10.1109/ICTAI.2013.98}, 
	ISSN={1082-3409}, 
	month={Nov}
}

@INPROCEEDINGS{picking2017exploring, 
	author={R. Picking and J. Pike}, 
	booktitle={2017 Internet Technologies and Applications (ITA)}, 
	title={Exploring the effects of interaction with a robot cat for dementia sufferers and their carers}, 
	year={2017}, 
	volume={}, 
	number={}, 
	pages={209-210}, 
	keywords={geriatrics;handicapped aids;human-robot interaction;mobile robots;carers;cost renders;dementia sufferers;robot cat;robotic companion pets;Cats;Dementia;Robot sensing systems;Seals;Tools;assisted living;companion robots;dementia}, 
	doi={10.1109/ITECHA.2017.8101940}, 
	ISSN={}, 
	month={Sept}
}

@INPROCEEDINGS{park2015socially, 
	author={C. Park and D. Lee and M. Jang and J. Kim and J. H. Kang}, 
	booktitle={2015 12th International Conference on Ubiquitous Robots and Ambient Intelligence (URAI)}, 
	title={A socially interactive robot using social skills in physical training}, 
	year={2015}, 
	volume={}, 
	number={}, 
	pages={437-439}, 
	keywords={feedback;human-robot interaction;humanoid robots;interactive systems;Nao;feedback;humanoid robot;mutual gaze;natural interaction;physical training;social skills;socially interactive robot;sustained interaction;Atmospheric measurements;Humanoid robots;Object recognition;Particle measurements;Robot kinematics;Training;Feedback;Human-Robot Interaction (HRI);Mutual Gaze and Social Distance;Physical Training;Social Skills;Socially Interactive Robot}, 
	doi={10.1109/URAI.2015.7358898}, 
	ISSN={}, 
	month={Oct}
}

@INPROCEEDINGS{lee2016design, 
	author={F. H. Lee and S. C. Hsiao and P. Huan-Ning and H. Samani and C. Y. Yang}, 
	booktitle={2016 International Conference on System Science and Engineering (ICSSE)}, 
	title={Design and development of a personal robot doctor for healthcare}, 
	year={2016}, 
	volume={}, 
	number={}, 
	pages={1-4}, 
	keywords={cloud computing;health care;human-robot interaction;medical diagnostic computing;medical robotics;patient monitoring;cloud;futuristic robot development;health instructions;healthcare;home;human doctors;office;personal robot doctor design;real-time health monitoring;user interaction;Biomedical monitoring;Medical diagnostic imaging;Medical robotics;Medical services;Robot sensing systems}, 
	doi={10.1109/ICSSE.2016.7551610}, 
	ISSN={}, 
	month={July}
}

@INPROCEEDINGS{robles2016robotic, 
	author={V. Robles-Bykbaev and M. Ochoa-Guaraca and M. Carpio-Moreta and D. Pulla-Sánchez and L. Serpa-Andrade and M. López-Nores and J. García-Duque}, 
	booktitle={2016 IEEE International Autumn Meeting on Power, Electronics and Computing (ROPEC)}, 
	title={Robotic assistant for support in speech therapy for children with cerebral palsy}, 
	year={2016}, 
	volume={}, 
	number={}, 
	pages={1-6}, 
	keywords={handicapped aids;medical disorders;medical robotics;mobile computing;patient care;patient treatment;speech processing;World Health Organization;cerebral palsy;children with disabilities;clinical data;cognitive human skills;communication disorders;intellectual skills;mobile devices;patient home;patient information;personal data;robotic assistant;social skills;speech-language therapy sessions;Education;Manipulators;Medical treatment;Mobile robots;Pediatrics;Speech;Speech-language therapy;cerebral palsy;children with disabilities;robotic assistant}, 
	doi={10.1109/ROPEC.2016.7830603}, 
	ISSN={}, 
	month={Nov}
}

@INPROCEEDINGS{arnold2016emobie, 
	author={L. Arnold}, 
	booktitle={2016 11th ACM/IEEE International Conference on Human-Robot Interaction (HRI)}, 
	title={Emobie\textsuperscript{\texttrademark}: A robot companion for children with anxiety}, 
	year={2016}, 
	volume={}, 
	number={}, 
	pages={413-414}, 
	keywords={human-robot interaction;Emobie;anxiety;anxious children;back emotions;coping skills;emotions;robot companion;social robot;Color;Education;Pediatrics;Robots;Seals;Senior citizens;Stomach;child-robot interaction;robot design;social robot}, 
	doi={10.1109/HRI.2016.7451782}, 
	ISSN={}, 
	month={March}
}

@INPROCEEDINGS{gross2011progress, 
    author={H. M. Gross and C. Schroeter and S. Mueller and M. Volkhardt and E. Einhorn and A. Bley and C. Martin and T. Langner and M. Merten}, 
    booktitle={2011 IEEE/RSJ International Conference on Intelligent Robots and Systems}, 
    title={Progress in developing a socially assistive mobile home robot companion for the elderly with mild cognitive impairment}, 
    year={2011}, 
    volume={}, 
    number={}, 
    pages={2430-2437}, 
    keywords={cognitive systems;geriatrics;health care;medical robotics;mobile robots;telerobotics;videotelephony;assistive functionalities;assistive service;cognitive stimulation;elderly people;mild cognitive impairment;mobile telepresence;mobile videophony;socially assistive mobile home robot companion;system architecture;Collision avoidance;Mobile robots;Navigation;Robot kinematics;Robot sensing systems;Senior citizens}, 
    doi={10.1109/IROS.2011.6094770}, 
    ISSN={2153-0858}, 
    month={Sept}
}

@INPROCEEDINGS{gross2012further, 
    author={H. M. Gross and C. Schroeter and S. Mueller and M. Volkhardt and E. Einhorn and A. Bley and T. Langner and M. Merten and C. Huijnen and H. v. d. Heuvel and A. v. Berlo}, 
    booktitle={2012 IEEE International Conference on Systems, Man, and Cybernetics (SMC)}, 
    title={Further progress towards a home robot companion for people with mild cognitive impairment}, 
    year={2012}, 
    volume={}, 
    number={}, 
    pages={637-644}, 
    keywords={assisted living;cognition;geriatrics;human-robot interaction;medical robotics;service robots;user centred design;CompanionAble;European FP7 project;MCI;application-centered development process;assistive technology;care recipient;caregiver;component selection;end-user group;living alone people;living environment;mandatory functionalities;mild cognitive impairment;older people;operational cost;production cost;smart house;socially assistive home robot companion;usability driven realization;user-centered development process;Cameras;Collision avoidance;Lasers;Navigation;Robot vision systems;Companion Robots;Human-Robot-Interaction;Smart Homes;Socially assistive Robotics;User studies}, 
    doi={10.1109/ICSMC.2012.6377798}, 
    ISSN={1062-922X}, 
    month={Oct}
}

@INPROCEEDINGS{schroeter2013realization, 
    author={C. Schroeter and S. Mueller and M. Volkhardt and E. Einhorn and C. Huijnen and H. van den Heuvel and A. van Berlo and A. Bley and H. M. Gross}, 
    booktitle={2013 IEEE International Conference on Robotics and Automation}, 
    title={Realization and user evaluation of a companion robot for people with mild cognitive impairments}, 
    year={2013}, 
    volume={}, 
    number={}, 
    pages={1153-1159}, 
    keywords={assisted living;cognition;geriatrics;handicapped aids;mobile robots;service robots;CompanionAble;European FP7 project;MCI;assistive technology;cognitive stimulation game;companion robot;family carers;home environment;mild cognitive impairments;mobile robot;older people;smart environment;smart house;socially assistive robot companion;user evaluation;video contact;Graphical user interfaces;Hardware;Interviews;Mobile robots;Robot sensing systems;Smart homes}, 
    doi={10.1109/ICRA.2013.6630717}, 
    ISSN={1050-4729}, 
    month={May},}